@article{persico2000information,
  title={Information acquisition in auctions},
  author={Persico, Nicola},
  journal={Econometrica},
  volume={68},
  number={1},
  pages={135--148},
  year={2000},
  publisher={JSTOR}
}

@article{milgrom1982theory,
  title={A theory of auctions and competitive bidding},
  author={Milgrom, Paul R and Weber, Robert J},
  journal={Econometrica: Journal of the Econometric Society},
  pages={1089--1122},
  year={1982},
  publisher={JSTOR}
}

@article{ganuza2010signal,
  title={Signal orderings based on dispersion and the supply of private information in auctions},
  author={Ganuza, Juan-Jos{\'e} and Penalva, Jose S},
  journal={Econometrica},
  volume={78},
  number={3},
  pages={1007--1030},
  year={2010},
  publisher={Wiley Online Library}
}

@misc{krishna2010auction,
  title={Auction Theory. Burlington, MA},
  author={Krishna, Vijay},
  year={2010},
  publisher={Academic Press/Elsevier}
}

@article{persico1996ainformation,
  title={Information acquisition in Affiliated Decision Problems},
  author={Persico, Nicola},
  journal={Northwestern University, Center for Mathematical Studies in Economics and Management Science, Discussion Paper
1149},
  year={1996},
  publisher={}
}

